
@misc{noauthor_industria_2020,
	title = {Industria cultural},
	copyright = {Creative Commons Attribution-ShareAlike License},
	url = {https://es.wikipedia.org/w/index.php?title=Industria_cultural&oldid=128936969},
	abstract = {El concepto industria cultural fue desarrollado por Theodor Adorno y Max Horkheimer, y aunque en un principio fue utilizado en singular, actualmente nos referimos a él en plural: industrias culturales. Hace referencia a un conjunto de sectores encargados de la creación, producción, exhibición, distribución y/o difusión de servicios y bienes culturales, tales como el arte, el entretenimiento, el diseño, la arquitectura, la publicidad, la gastronomía y el turismo. El concepto de sector nace a finales de los años setenta. A posteriori, el concepto de industrias culturales no se entiende como tal hasta finales de los años noventa, y así se desvincula del mercado, tal y como se hacía antes. 
De las industrias culturales proviene el fenómeno conocido como cultura de masas.},
	language = {es},
	urldate = {2020-09-02},
	journal = {Wikipedia, la enciclopedia libre},
	month = sep,
	year = {2020},
	note = {Page Version ID: 128936969},
	file = {Snapshot:C\:\\Users\\user\\Zotero\\storage\\WEQYJRFT\\index.html:text/html}
}

@misc{ojeda_manifiesto_2019,
	title = {Manifiesto de {José} {Ramón} {Valente}, ministro de {Economía}: "{La} gente piensa que soy cuico y no es así"},
	shorttitle = {Manifiesto de {José} {Ramón} {Valente}, ministro de {Economía}},
	url = {https://www.latercera.com/reportajes/noticia/manifiesto-de-jose-ramon-valente-ministro-de-economia},
	abstract = {"Cuando tenía 15 años tomaba una micro por Vicuña Mackenna a Otto Kraus para conseguir juguetes para vender en la Feria de Navidad del Santa Lucía. Conocí Europa recién a los 30 años.  No siempre fui ese estereotipo que hay de mí."},
	urldate = {2020-09-02},
	journal = {La Tercera},
	author = {Ojeda, Fredi Velásquez},
	month = mar,
	year = {2019},
	note = {Section: Reportajes},
	file = {Snapshot:C\:\\Users\\user\\Zotero\\storage\\VPUW6SFU\\551273.html:text/html}
}

@misc{libertella_no_2020,
	title = {No se puede confiar en una persona a la que no le gusten los {Beatles}},
	url = {https://www.latercera.com/culto/2020/04/24/no-se-puede-confiar-en-una-persona-a-la-que-no-le-gusten-los-beatles/},
	abstract = {El escritor Mauro Libertella busca desentrañar el misterio todavía vigente de su música.},
	urldate = {2020-09-02},
	journal = {La Tercera},
	author = {Libertella, Mauro},
	month = jun,
	year = {2020},
	note = {Section: Culto},
	file = {Snapshot:C\:\\Users\\user\\Zotero\\storage\\524YKPNC\\no-se-puede-confiar-en-una-persona-a-la-que-no-le-gusten-los-beatles.html:text/html}
}
